<record><leader>00000cas a2200000 a 4500</leader><controlfield tag="001">29433363</controlfield><controlfield tag="008">931206d19811987ilucr ne      0   a0eng c</controlfield><datafield ind1=" " ind2=" " tag="010"><subfield code="a">sn 93055990 </subfield></datafield><datafield ind1=" " ind2=" " tag="040"><subfield code="a">NVF</subfield><subfield code="b">eng</subfield><subfield code="c">NVF</subfield><subfield code="d">OCLCQ</subfield><subfield code="d">NVF</subfield><subfield code="d">OCLCQ</subfield><subfield code="d">NVF</subfield><subfield code="d">OCLCF</subfield><subfield code="d">OCLCO</subfield></datafield><datafield ind1="1" ind2=" " tag="029"><subfield code="a">AU@</subfield><subfield code="b">000025851665</subfield></datafield><datafield ind1=" " ind2=" " tag="042"><subfield code="a">pcc</subfield></datafield><datafield ind1=" " ind2=" " tag="043"><subfield code="a">n-us-il</subfield></datafield><datafield ind1="0" ind2="0" tag="245"><subfield code="a">Dolton-Riverdale economist pointer.</subfield></datafield><datafield ind1="1" ind2=" " tag="246"><subfield code="i">Published as:</subfield><subfield code="a">Riverdale Dolton economist pointer</subfield><subfield code="f">June 16-20, July 7-Sept. 19, Dec. 22, 1982-&lt;Oct. 4, 1987&gt;</subfield></datafield><datafield ind1="1" ind2=" " tag="246"><subfield code="i">Published on Sundays as:</subfield><subfield code="a">Sunday economist pointer</subfield><subfield code="f">May 25, 1986-Oct. 4, 1987</subfield></datafield><datafield ind1="3" ind2=" " tag="246"><subfield code="a">Dolton Riverdale economist pointer</subfield></datafield><datafield ind1=" " ind2=" " tag="260"><subfield code="a">South Holland, Ill. :</subfield><subfield code="b">Bruce Sagan,</subfield><subfield code="c">1981-1987.</subfield></datafield><datafield ind1=" " ind2=" " tag="300"><subfield code="a">v.</subfield></datafield><datafield ind1=" " ind2=" " tag="310"><subfield code="a">Semiweekly</subfield></datafield><datafield ind1="0" ind2=" " tag="362"><subfield code="a">74th year, no. 43 (Sept. 23, 1981)-80th year, no. 49 (Oct. 7, 1987).</subfield></datafield><datafield ind1=" " ind2=" " tag="580"><subfield code="a">Merged with: Daily Calumet (Lansing, Ill. : Suburban ed.), to form: Daily Calumet and pointer (Lansing, Ill. : Suburban ed.).</subfield></datafield><datafield ind1=" " ind2="0" tag="651"><subfield code="a">Dolton (Ill.)</subfield><subfield code="v">Newspapers.</subfield></datafield><datafield ind1=" " ind2="0" tag="651"><subfield code="a">Riverdale (Ill.)</subfield><subfield code="v">Newspapers.</subfield></datafield><datafield ind1=" " ind2="7" tag="655"><subfield code="a">Newspapers.</subfield><subfield code="2">fast</subfield><subfield code="0">(OCoLC)fst01423814</subfield></datafield><datafield ind1=" " ind2="7" tag="651"><subfield code="a">Illinois</subfield><subfield code="z">Dolton.</subfield><subfield code="2">fast</subfield><subfield code="0">(OCoLC)fst01217733</subfield></datafield><datafield ind1=" " ind2="7" tag="651"><subfield code="a">Illinois</subfield><subfield code="z">Riverdale.</subfield><subfield code="2">fast</subfield><subfield code="0">(OCoLC)fst01226731</subfield></datafield><datafield ind1=" " ind2=" " tag="752"><subfield code="a">United States</subfield><subfield code="b">Illinois</subfield><subfield code="c">Cook</subfield><subfield code="d">South Holland.</subfield></datafield><datafield ind1="0" ind2="0" tag="780"><subfield code="t">Dolton pointer economist</subfield><subfield code="w">(DLC)sn 94054283</subfield><subfield code="w">(OCoLC)29857802</subfield></datafield><datafield ind1="1" ind2="7" tag="785"><subfield code="t">Daily Calumet (Lansing, Ill. : Suburban ed.)</subfield><subfield code="w">(DLC)sn 93055993</subfield><subfield code="w">(OCoLC)29423931</subfield></datafield><datafield ind1="1" ind2="7" tag="785"><subfield code="t">Daily Calumet and pointer (Lansing, Ill. : Suburban ed.)</subfield><subfield code="w">(DLC)sn 93055994</subfield><subfield code="w">(OCoLC)29433893</subfield></datafield></record>